@article{rajani2009supervised,
  title={Supervised Learning in Genre Classification},
  author={Rajani, Mohit and Ekkizogloy, Luke},
  journal={Department of Computer Science, Stanford University},
  year={2009}
}

@article{haggblade2011music,
  title={Music genre classification},
  author={Haggblade, Michael and Hong, Yang and Kao, Kenny},
  journal={Department of Computer Science, Stanford University},
  year={2011}
}